
@techreport{caulfield2008,
	title = {Apportioning Representatives in the United States Congress},
	author = {{Caulfield}, {Michael J.}},
	year = {2008},
	month = {11},
	date = {2008-11-04},
	doi = {10.4169/loci003163},
	url = {http://mathdl.maa.org/mathDL/46/?pa=content&sa=viewDocument&nodeId=3163},
	note = {DOI: 10.4169/loci003163},
	address = {Washington, DC},
	langid = {en}
}
