# Fichero de bibliografía (escribir en UTF-8)
@Manual{Luque2017,
  title = {Escribir un Trabajo Fin de Estudios con R Markdown},
  author = {Pedro L. Luque-Calvo},
  year = "2017",
  howpublished = {Disponible en \url{http://destio.us.es/calvo}}
}

@Manual{Luque2019,
  title = {Cómo crear Tablas de información en R Markdown},
  author = {Pedro L. Luque-Calvo},
  year = "2019",
  howpublished = {Disponible en \url{http://destio.us.es/calvo}}
}

@Manual{R-base,
  title = {R: A Language and Environment for Statistical
    Computing},
  author = {{R Core Team}},
  organization = {R Foundation for Statistical Computing},
  address = {Vienna, Austria},
  year = {2016},
  url = {https://www.R-project.org/},
}


@book{Wickham2017,
	Author = {Hadley Wickham and Garrett Grolemund},
	Edition = {First Edition},
	Publisher = {O'Reilly},
	Title = {R for Data Science: Import, Tidy, Transform, Visualize, and Model Data},
	Year = {2017}
}


@Manual{RStudio, 
  title = {RStudio: Integrated Development Environment for R}, 
  author = {{RStudio Team}}, 
  organization = {RStudio, Inc.}, 
  address = {Boston, MA}, 
  year = {2015}, 
  url = {http://www.rstudio.com/}
}


@misc{noauthor_inebase/_nodate,
	title = {{INEbase}/ {Sociedad} / {Procesos} electorales},
	url = {https://www.ine.es/dyngs/INEbase/es/categoria.htm?c=Estadistica_P&cid=1254735576529},
	urldate = {2019-10-16}
}

@misc{noauthor_inicio_nodate,
	title = {{Infoelectoral}},
	url = {http://www.infoelectoral.mir.es/},
	urldate = {2019-10-16}
}

@misc{noauthor_consulta_nodate,
	title = {Consulta de resultados electorales. {Ministerio} del {Interior}},
	url = {http://www.infoelectoral.mir.es/infoelectoral/min/home.html},
	urldate = {2019-10-16}
}

@article{llaneras_mapa_2019,
	address = {Madrid},
	chapter = {Politica},
	title = {El mapa del voto en toda {España}, calle a calle},
	issn = {1134-6582},
	url = {https://elpais.com/politica/2019/05/01/actualidad/1556730293_254945.html},
	abstract = {Explore los resultados de las elecciones generales. Ponga el nombre de su calle en el buscador y los resultados de cómo se votó aparecerán debajo},
	language = {es},
	urldate = {2019-10-16},
	journal = {El País},
	author = {Llaneras, Kiko and Grasso, Daniele and Sevillano, Elena G.},
	month = may,
	year = {2019},
	keywords = {Coaliciones electorales, Coaliciones políticas, Elecciones Generales, Elecciones Generales 2019, Izquierda Unida, Podemos, PP, PSOE, Unidas Podemos, Vox}
}

@misc{noauthor_junta_nodate,
	title = {Junta {Electoral} {Central} - {Inicio}.},
	url = {http://www.juntaelectoralcentral.es/cs/jec/inicio},
	urldate = {2019-10-16}
}

@misc{noauthor_juntas_nodate,
	title = {Juntas {Electorales} {Provinciales} de {Andalucía}},
	url = {http://www.juntaelectoralcentral.es/cs/jec/admelectoral/jeprovinciales/directorio?sIdCCAA=63&template=Jep/JEC_Provincias},
	urldate = {2019-10-16}
}

@misc{noauthor_loreg._nodate,
	title = {{LOREG}. {Ley} {Orgánica} del {Régimen} {Electoral} {General}.},
	url = {http://www.juntaelectoralcentral.es/cs/jec/loreg},
	urldate = {2019-10-16}
}

@article{ocana_indices_1999,
	title = {Índices e indicadores del sistema electoral y del sistema de partidos. {Una} propuesta informática para su cálculo},
	issn = {0210-5233},
	url = {https://www.jstor.org/stable/40184151},
	doi = {10.2307/40184151},
	abstract = {En estas páginas se presenta un programa informático que estará a disposición de los usuarios en la página web del CIS a partir del próximo 1 de octubre. Con el programa INDELEC pueden calcularse los más importantes índices de desproporcionalidad de los sistemas electorales, así como los más comunes para conocer las dimensiones de los sistemas de partidos: fragmentación, número de partidos, concentración, competitividad, polarización, volatilidad, voto regional y voto dual. En este artículo, y a modo de ejemplo, se aplica el programa INDELEC a los resultados agregados de las elecciones al Congreso de los Diputados celebradas en España desde 1977. En una monografía que, con el título Análisis electoral, verá la luz en el mes de septiembre en la colección Cuadernos Metodológicos del CIS, se analiza detenidamente cada indicador, apuntando sus ventajas e inconvenientes, y se aplican a las sucesivas convocatorias de los diversos tipos /// This paper presents a computer programme which will be available to users on the CIS's web-page (http://www.cis.es) on October 1st. The INDELEC programme makes it possible to calculate the most important rates of disproportionality in election systems, and the most widespread with a view to gauging the dimensions of the party systems: fragmentation, number of parties, concentration, competitiveness, polarization, volatility, regional vote and dual vote. In this paper, and by way of example, the INDELEC programme is applied to the aggregate results of the parliamentary elections which have been held in Spain since 1977. In a monograph entitled Analisis electoral which will be published in September, each indicator will be examined in depth and note taken of its advantages and drawbacks, and they are applied to the different types of elections which have taken place in Spain since the reinstatement of democracy and at a different level of aggregation and disaggregation. Thus, the authors draw a map with the main characteristics of the various party systems and sub-systems (state and regional) which have existed in Spain since 1977.},
	number = {86},
	urldate = {2019-10-16},
	journal = {Reis},
	author = {Ocaña, Francisco A. and Oñate, Pablo},
	year = {1999},
	pages = {223--245}
}

@article{gallagher_proportionality_1991,
	title = {Proportionality, disproportionality and electoral systems},
	volume = {10},
	issn = {0261-3794},
	url = {http://www.sciencedirect.com/science/article/pii/026137949190004C},
	doi = {https://doi.org/10.1016/0261-3794(91)90004-C},
	abstract = {Different PR methods should be seen not as being more proportional or less proportional than each other but as embodying different ideas as to what maximizing proportionality means and, by extension, what minimizing disproportionality means. Each of the main methods of PR (d'Hondt, Sainte-Laguë, largest remainders) generates its own index of proportionality and, thus, its own way of measuring disproportionality. Applying these indices to competitive elections of the period 1979–1989 shows a high correlation between the rankings produced by the various methods, but the ordering of countries is sufficiently different to require a choice to be made between the indices.},
	number = {1},
	journal = {Electoral Studies},
	author = {Gallagher, Michael},
	year = {1991},
	pages = {33 -- 51}
}

@book{farrell_electoral_2011,
	title = {Electoral {Systems}: {A} {Comparative} {Introduction}},
	isbn = {978-1-137-28550-8},
	shorttitle = {Electoral {Systems}},
	abstract = {Electoral Systems examines the six principle types of electoral system currently in use in more than seventy of the world\&\#39;s democracies. A common format is adopted throughout, dealing with explanations of how the system operates and its effects on the political system.},
	language = {en},
	publisher = {Macmillan International Higher Education},
	author = {Farrell, David M.},
	month = jan,
	year = {2011},
	note = {Google-Books-ID: pzAdBQAAQBAJ},
	keywords = {Political Science / American Government / General, Political Science / Comparative Politics, Political Science / Political Process / Campaigns \& Elections, Political Science / Public Policy / General}
}

@book{gallagher_politics_2005,
	title = {The {Politics} of {Electoral} {Systems}},
	isbn = {978-0-19-153151-4},
	abstract = {Electoral systems matter. They are a crucial link in the chain connecting the preferences of citizens to the policy choices made by governments. They are chosen by political actors and, once in existence, have political consequences for those actors. They are an important object of study for anyone interested in the political process, and in this book we subject them to systematic analysis. In addition to some comparative chapters, the book contains full accounts of the operation of electoral systems in 22 countries: France, the UK, Germany, Italy, Israel, Spain, Austria, Belgium, Denmark, Finland, The Netherlands, Ireland, Hungary, Russia, Australia, Canada, India, the USA, Japan, New Zealand, Chile, and South Africa. The book provides detailed analyses of the operation of a diverse set of electoral systems in their national context. Each chapter explains how the electoral system really works in the given country, examining the strategic incentives the system provides to voters, candidates, and parties. All country chapters have a common format and structure. Successive sections analyse: the institutional context; how each electoral system was chosen historically; how the current electoral system operates (the rules, mechanics, and ballot structure); and the political consequences of the current system (the impact on the party system, the internal life of parties, and the impact on parliament and government formation). Each country chapter then contains a final section which focuses on the politicization of electoral institutions. In recent years many countries have changed their electoral systems, either entirely or in part so there is a strong focus on the processes of electoral reform, both historically and prospectively. The book concentrates on the real world 'politics', as well as the 'political science' of electoral systems. The book will be of interest to those concerned with the practical political business of electoral reform. The book contains a wealth of evidence about the performance of various kinds of proportional representation and of non-PR systems. This will be invaluable for anyone interested in the question: 'What would be the best electoral system for my country?'},
	language = {en},
	publisher = {OUP Oxford},
	author = {Gallagher, Michael and Mitchell, Paul},
	month = sep,
	year = {2005},
	note = {Google-Books-ID: Igdj1P4vBwMC},
	keywords = {Political Science / Political Process / Campaigns \& Elections, Law / Jurisprudence, Political Science / Political Process / General, Political Science / Political Process / Leadership, Political Science / Political Process / Political Parties}
}


@article{tlakula_democratic_nodate,
	title = {{DEMOCRATIC} {ELECTIONS} {IN} {A} {GLOBAL} {CONTEXT}},
	language = {en},
	author = {Tlakula, P},
	pages = {20}
}


@misc{noauthor_district_nodate,
	title = {District {Magnitude} —},
	url = {http://aceproject.org/ace-en/topics/bd/bda/bda02/bda02a/default},
	urldate = {2019-10-16}
}

@misc{noauthor_instituto_nodate-2,
	title = {Instituto {Nacional} de {Estadística}.},
	url = {https://www.ine.es/FichasWeb/RegProvincias.do?codMapa=41},
	urldate = {2019-10-17}
}

@misc{noauthor_productos_nodate,
	title = {Productos y {Servicios} / {Publicaciones} / {Productos} y {Servicios} / {Informacion} estadística / {Cartografía} secciones censales y callejero de {Censo} {Electoral}},
	url = {https://www.ine.es/ss/Satellite?L=es_ES&c=Page&cid=1259952026632&p=1259952026632&pagename=ProductosYServicios%2FPYSLayout},
	urldate = {2019-10-17}
}


@misc{asale_votar_nodate,
	title = {votar {\textbar} {Diccionario} de la lengua española},
	url = {https://dle.rae.es/votar},
	abstract = {1. intr. Dicho de una persona: Dar su voto o decir su dictamen en una reunión o cuerpo deliberante, o en una elección de personas. U. t. c. tr.},
	language = {es},
	urldate = {2020-03-02},
	journal = {«Diccionario de la lengua española» - Edición del Tricentenario},
	author = {ASALE, RAE- and RAE},
	note = {Library Catalog: dle.rae.es}
}

@misc{rae_definicion_nodate,
	title = {Definición de voto - {Diccionario} del español jurídico - {RAE}},
	url = {https://dej.rae.es/lema/voto},
	abstract = {1. Gral. Expresión pública o secreta de una preferencia ante una opción.},
	language = {es},
	urldate = {2020-03-02},
	journal = {Diccionario del español jurídico - Real Academia Española},
	author = {RAE},
	note = {Library Catalog: dej.rae.es}
}

@misc{noauthor_votar_nodate,
	title = {{VOTAR}},
	url = {http://etimologias.dechile.net/?votar},
	abstract = {La interesante historia del origen de la palabra VOTAR. Aquí explicamos de dónde viene la palabra votar.},
	language = {es},
	urldate = {2020-03-02},
	journal = {Etimologías de Chile - Diccionario que explica el origen de las palabras},
	note = {Library Catalog: etimologias.dechile.net}
}

@misc{noauthor_sistema_nodate,
	title = {El {Sistema} {Electoral} {Español} —},
	url = {http://aceproject.org/main/espanol/es/esy_es.htm},
	urldate = {2020-03-02}
}

@misc{noauthor_cuota_2019,
	title = {Cuota {Hagenbach}-{Bischoff}},
	copyright = {Creative Commons Attribution-ShareAlike License},
	url = {https://es.wikipedia.org/w/index.php?title=Cuota_Hagenbach-Bischoff&oldid=119129651},
	abstract = {La cuota Hagenbach-Bischoff o cociente Hagenbach-Bischoff es una fórmula utilizada en sistemas de representación proporcional que representa el número de votos requeridos para obtener un escaño. Se utiliza en algunos sistemas electorales de representación proporcional por listas electorales que utilizan el método de resto mayor así como en una variante del método D'Hondt conocida como método Hagenbach-Bischoff.},
	language = {es},
	urldate = {2020-03-02},
	journal = {Wikipedia, la enciclopedia libre},
	month = sep,
	year = {2019},
	note = {Page Version ID: 119129651}
}

@misc{noauthor_cociente_2019,
	title = {Cociente {Hare}},
	copyright = {Creative Commons Attribution-ShareAlike License},
	url = {https://es.wikipedia.org/w/index.php?title=Cociente_Hare&oldid=117550637},
	abstract = {La cuota Hare o cociente Hare es una fórmula utilizada en sistemas de representación proporcional que representa el número de votos requeridos para obtener un escaño. Resulta de dividir el número de votos válidos de unas elecciones entre el número de escaños en juego. Se utiliza en sistemas electorales de voto único transferible o en sistemas de representación proporcional por listas electorales que utilizan el método del resto mayor.[[1]/]
El cociente Hare/Niemeyer, o sistema de proporciones matemáticas, fue desarrollado por el matemático alemán Niemeyer y promovido para un sistema electoral por el jurista inglés Sir Thomas Hare. Se realiza mediante una fórmula modificada.},
	language = {es},
	urldate = {2020-03-02},
	journal = {Wikipedia, la enciclopedia libre},
	month = jul,
	year = {2019},
	note = {Page Version ID: 117550637}
}

@misc{noauthor_imperiali_2019,
	title = {Imperiali},
	copyright = {Creative Commons Attribution-ShareAlike License},
	url = {https://es.wikipedia.org/w/index.php?title=Imperiali&oldid=118738468},
	abstract = {La cuota Imperiali o cociente Imperiali es una fórmula utilizada en sistemas de representación proporcional que representa el número de votos requeridos para obtener un escaño. Se utiliza en sistemas electorales de voto único transferible o en sistemas de representación proporcional por listas electorales que utilizan el método del resto mayor. Anteriormente usado por Italia (1956-1991).},
	language = {es},
	urldate = {2020-03-02},
	journal = {Wikipedia, la enciclopedia libre},
	month = aug,
	year = {2019},
	note = {Page Version ID: 118738468}
}

@misc{noauthor_cociente_2019-1,
	title = {Cociente {Droop}},
	copyright = {Creative Commons Attribution-ShareAlike License},
	url = {https://es.wikipedia.org/w/index.php?title=Cociente_Droop&oldid=118750654},
	abstract = {La cuota Droop o cociente Droop es una fórmula utilizada en sistemas de representación proporcional que representa el número de votos requeridos para obtener un escaño. Se utiliza en sistemas electorales de voto único transferible o en sistemas de representación proporcional por listas electorales que utilizan el método del resto mayor.
Algunos países que lo emplean son por ejemplo Irlanda, Malta o Australia, entre otros. Este método es similar al cociente Hagenbach-Bischoff, que a veces se identifica como "Cociente Droop"; sin embargo no deben ser confundidos.},
	language = {es},
	urldate = {2020-03-02},
	journal = {Wikipedia, la enciclopedia libre},
	month = aug,
	year = {2019},
	note = {Page Version ID: 118750654}
}

@misc{noauthor_metodo_2019,
	title = {Método del resto mayor},
	copyright = {Creative Commons Attribution-ShareAlike License},
	url = {https://es.wikipedia.org/w/index.php?title=M%C3%A9todo_del_resto_mayor&oldid=118750635},
	abstract = {En política, los métodos de resto mayor (o métodos de cociente y residuo electoral) son un conjunto de fórmulas electorales utilizadas para asignar escaños en sistemas de representación proporcional por listas electorales.
Una alternativa a estos métodos son los métodos de promedio mayor.
Aunque sobre todo es conocida en el ámbito de la política, este sistema puede servir para cualquier tipo de distribución proporcional. El método es proporcional en la asignación por cociente, pero mayoritario en la signación de restos, lo que resta proporcionalidad al reparto.},
	language = {es},
	urldate = {2020-03-02},
	journal = {Wikipedia, la enciclopedia libre},
	month = aug,
	year = {2019},
	note = {Page Version ID: 118750635}
}

@misc{noauthor_legislacion_2020,
	title = {Legislación electoral española},
	copyright = {Creative Commons Attribution-ShareAlike License},
	url = {https://es.wikipedia.org/w/index.php?title=Legislaci%C3%B3n_electoral_espa%C3%B1ola&oldid=123548939},
	abstract = {La legislación electoral española es el conjunto de leyes que rigen el funcionamiento de las elecciones en España. Estas leyes son la Ley Orgánica del Régimen Electoral General (LOREG) para las elecciones generales, municipales y europeas, y otras leyes de ámbito autonómico para las elecciones autonómicas.},
	language = {es},
	urldate = {2020-03-02},
	journal = {Wikipedia, la enciclopedia libre},
	month = feb,
	year = {2020},
	note = {Page Version ID: 123548939}
}

@misc{noauthor_metodo_2020,
	title = {Método {Sainte}-{Laguë}},
	copyright = {Creative Commons Attribution-ShareAlike License},
	url = {https://es.wikipedia.org/w/index.php?title=M%C3%A9todo_Sainte-Lagu%C3%AB&oldid=122481973},
	abstract = {El método Sainte-Laguë (también conocido como método Webster o método del divisor con redondeo estándar) es un método de promedio mayor para asignar escaños en sistemas de representación proporcional por listas electorales. Los métodos de promedio mayor se caracterizan por dividir a través de distintos divisores los totales de los votos obtenidos por los distintos partidos, produciéndose secuencias de cocientes decrecientes para cada partido y asignándose los escaños a los promedios más altos.[1] Lleva el nombre del matemático francés André Sainte-Laguë (1882-1950).[2]
Los sistemas de representación proporcional intentan asignar los escaños a las listas de manera proporcional al número de votos recibidos. En general, no es posible alcanzar la proporcionalidad exacta, ya que no es posible asignar un número decimal de escaños. De los métodos comúnmente utilizados para la conversión proporcional de votos en escaños, el método Sainte-Laguë es uno de los que consiguen mayor proporcionalidad.[3]
El método Sainte-Laguë se aplica en Alemania, Nueva Zelanda, Noruega, Suecia, Dinamarca, Bosnia Herzegovina, Letonia, Kosovo, en los estados alemanes de Hamburgo y Bremen, y  en Ecuador para las elecciones legislativas.},
	language = {es},
	urldate = {2020-03-04},
	journal = {Wikipedia, la enciclopedia libre},
	month = jan,
	year = {2020},
	note = {Page Version ID: 122481973}
}

@techreport{caulfield_apportioning_2008,
	address = {Washington, DC},
	title = {Apportioning {Representatives} in the {United} {States} {Congress}},
	url = {http://mathdl.maa.org/mathDL/46/?pa=content&sa=viewDocument&nodeId=3163},
	language = {en},
	urldate = {2020-03-04},
	institution = {The MAA Mathematical Sciences Digital Library},
	author = {Caulfield, Michael J.},
	month = nov,
	year = {2008},
	doi = {10.4169/loci003163}
}

@misc{noauthor_metodo_2020-1,
	title = {Método de cifra repartidora},
	copyright = {Creative Commons Attribution-ShareAlike License},
	url = {https://es.wikipedia.org/w/index.php?title=M%C3%A9todo_de_cifra_repartidora&oldid=123102411},
	abstract = {El Método de cifra repartidora es un sistema electoral que se utiliza, generalmente, para repartir los escaños de un cuerpo colegiado (p. ej. un parlamento o congreso), de modo no puramente proporcional a los votos obtenidos por las candidaturas. Aunque sobre todo es conocida en el ámbito de la política, este sistema puede servir para cualquier tipo de distribución proporcional.
Existen dos métodos de cifra repartidora comúnmente utilizados: el método d'Hondt, utilizado en Argentina, Austria, Bulgaria, Chile, Colombia, Croacia, España, Finlandia, Israel, Países Bajos, Perú, Polonia, Portugal y Venezuela y el método Sainte-Laguë que se aplica en Nueva Zelanda, Noruega, Suecia, Dinamarca, Bosnia Herzegovina, Letonia, Kosovo, y los estados alemanes de Hamburgo y Bremen.},
	language = {es},
	urldate = {2020-03-05},
	journal = {Wikipedia, la enciclopedia libre},
	month = jan,
	year = {2020},
	note = {Page Version ID: 123102411}
}

@misc{noauthor_simulador_nodate,
	title = {Simulador electoral - {Brainum}},
	url = {http://www.brainum.es/simulador-electoral-electosim},
	abstract = {Simulador electoral web para la generación de un reparto de escaños a partir de unos datos electorales.},
	language = {es},
	urldate = {2020-03-05},
	note = {Library Catalog: www.brainum.es}
}

@misc{noauthor_apportionment_nodate,
	title = {Apportionment, or {How} to {Round} {Seat} {Numbers}},
	url = {http://www.jdawiseman.com/papers/electsys/apportionment.html},
	urldate = {2020-03-05}
}

@article{colomer_breve_nodate,
	title = {{BREVE} {HISTORIA} {DEL} {SISTEMA} {ELECTORAL} {EN} {ESPAÑA}},
	language = {es},
	author = {Colomer, Josep M},
	pages = {6}
}

@misc{noauthor_pdf_nodate,
	title = {{Rethinking} the {D}'{Hondt} method},
	url = {https://www.researchgate.net/publication/334703296_Rethinking_the_D'Hondt_method},
	abstract = {PDF {\textbar} The D'Hondt method is the most popular proportional apportionment procedure, as well as one of the oldest. Despite this, the method is not fully... {\textbar} Find, read and cite all the research you need on ResearchGate},
	language = {en},
	urldate = {2020-03-09},
	journal = {ResearchGate},
	note = {ISSN: http://dx.doi.org/10.1080/2474736X.2019.1625712
Library Catalog: www.researchgate.net}
}

@misc{noauthor_elecciones_nodate,
	title = {Elecciones {Generales} 1979. {Elecciones} al {Congreso} y al {Senado} 1979},
	url = {http://www.historiaelectoral.com/e1979.html},
	urldate = {2020-04-02}
}

@misc{noauthor_httpsanalisisydecisiones_nodate,
	title = {https://analisisydecision.es}
}



@misc{noauthor_42_nodate,
	title = {{Hamilton}’s {Method} - {Mathematics} {LibreTexts}},
	url = {https://math.libretexts.org/Bookshelves/Applied_Mathematics/Math_in_Society_(Lippman)/04%3A_Apportionment/4.02%3A_Hamiltons_Method},
	urldate = {2021-05-01},
	file = {4.2\: Hamilton’s Method - Mathematics LibreTexts:C\:\\Users\\paco1\\Zotero\\storage\\4MP5CGIB\\4.html:text/html}
}

@misc{noauthor_92_2020,
	title = {{Apportionment} - {Jefferson}’s, {Adams}’s, and {Webster}’s {Methods}},
	url = {https://math.libretexts.org/Bookshelves/Applied_Mathematics/Book%3A_College_Mathematics_for_Everyday_Life_(Inigo_et_al)/09%3A__Apportionment/9.02%3A_Apportionment_-_Jeffersons_Adamss_and_Websters_Methods},
	abstract = {Jefferson\&rsquo;s, Adams\&rsquo;s, and Webster\&rsquo;s methods are all based on the idea of finding a divisor that will apportion all the seats under the appropriate rounding rule. There should be no …},
	language = {en},
	urldate = {2021-05-04},
	journal = {Mathematics LibreTexts},
	month = jan,
	year = {2020},
	file = {Snapshot:C\:\\Users\\paco1\\Zotero\\storage\\PJ7YDZXC\\9.html:text/html}
}

@misc{noauthor_highest_2020,
	title = {Highest averages method},
	copyright = {Creative Commons Attribution-ShareAlike License},
	url = {https://en.wikipedia.org/w/index.php?title=Highest_averages_method&oldid=997495824},
	abstract = {The highest averages method or divisor method is the name for a variety of ways to allocate seats proportionally for representative assemblies with party list voting systems. It requires the number of votes for each party to be divided successively by a series of divisors.  This produces a table of quotients, or averages, with a row for each divisor and a column for each party.  The nth seat is allocated to the party whose column contains the nth largest entry in this table, up to the total number of seats available.An alternative to this method is the largest remainder method, which uses a minimum quota which can be calculated in a number of ways.},
	language = {en},
	urldate = {2021-05-04},
	journal = {Wikipedia},
	month = dec,
	year = {2020},
	note = {Page Version ID: 997495824},
	file = {Snapshot:C\:\\Users\\paco1\\Zotero\\storage\\A3MQPZPE\\index.html:text/html}
}

@incollection{miller_election_2013,
	title = {Election inversions under proportional representation},
	url = {http://userpages.umbc.edu/~nmiller/RESEARCH/NRMILLER.PCS2013.pdf},
	booktitle = {Annual {Meeting} of the {Public} {Choice} {Society}, {New} {Orleans}, {March} 8-10, 2013},
	author = {Miller, Nicholas R.},
	month = feb,
	year = {2013},
	file = {Sainte-Laguë method | Project Gutenberg Self-Publishing - eBooks | Read eBooks online:C\:\\Users\\paco1\\Zotero\\storage\\CEDH74M5\\Sainte-Laguë_method.html:text/html}
}

